<?xml version="1.0"?>
<record xmlns="http://www.loc.gov/MARC21/slim">
  <leader>00976nam a22002537a 4500</leader>
  <controlfield tag="001">2006censusofagri2006jaip</controlfield>
  <controlfield tag="003">CaSfIA</controlfield>
  <controlfield tag="005">20160616190645.0</controlfield>
  <controlfield tag="007">cr||||||||||||</controlfield>
  <controlfield tag="008">080808s2008    abca     s   s000 0 eng d</controlfield>
  <datafield tag="016" ind1=" " ind2=" ">
    <subfield code="a">20088025721 </subfield>
  </datafield>
  <datafield tag="040" ind1=" " ind2=" ">
    <subfield code="a">CaAEU</subfield>
    <subfield code="b">eng</subfield>
    <subfield code="c">CaAEU</subfield>
    <subfield code="d">CaOONL</subfield>
    <subfield code="d">CaSfIA</subfield>
  </datafield>
  <datafield tag="043" ind1=" " ind2=" ">
    <subfield code="a">n-cn-ab</subfield>
  </datafield>
  <datafield tag="082" ind1="0" ind2=" ">
    <subfield code="a">630/.97123</subfield>
    <subfield code="2">22</subfield>
  </datafield>
  <datafield tag="245" ind1="0" ind2="0">
    <subfield code="a">2006 census of agriculture for Alberta :</subfield>
    <subfield code="h">[electronic resource] </subfield>
    <subfield code="b">I.D., M.D., and county data by region /</subfield>
    <subfield code="c">[Reynold N. Jaipaul].</subfield>
  </datafield>
  <datafield tag="246" ind1="3" ind2=" ">
    <subfield code="a">Two thousand six census of agriculture for Alberta :</subfield>
    <subfield code="b">I.D., M.D., and county data by region</subfield>
  </datafield>
  <datafield tag="260" ind1=" " ind2=" ">
    <subfield code="a">[Edmonton :</subfield>
    <subfield code="b">Govt. of] Alberta,</subfield>
    <subfield code="c">[2008]</subfield>
  </datafield>
  <datafield tag="300" ind1=" " ind2=" ">
    <subfield code="a">xix, 165, [8] p. ;</subfield>
    <subfield code="c">28 cm.</subfield>
  </datafield>
  <datafield tag="500" ind1=" " ind2=" ">
    <subfield code="a">"Agdex 852-6"--Colophon.</subfield>
  </datafield>
  <datafield tag="500" ind1=" " ind2=" ">
    <subfield code="a">Cover title.</subfield>
  </datafield>
  <datafield tag="500" ind1=" " ind2=" ">
    <subfield code="a">"01/14/2008"--P. xi (first part).</subfield>
  </datafield>
  <datafield tag="500" ind1=" " ind2=" ">
    <subfield code="a">Text parallel with spine.</subfield>
  </datafield>
  <datafield tag="700" ind1="1" ind2=" ">
    <subfield code="a">Jaipaul, Reynold N.</subfield>
  </datafield>
  <datafield tag="710" ind1="1" ind2=" ">
    <subfield code="a">Alberta.</subfield>
    <subfield code="b">Alberta Agriculture, Food and Rural Development.</subfield>
    <subfield code="b">Statistics and Data Development Unit.</subfield>
  </datafield>
  <datafield tag="852" ind1=" " ind2=" ">
    <subfield code="9">1</subfield>
    <subfield code="a">CaOONL</subfield>
    <subfield code="h">COP.AL.2.2008-195</subfield>
    <subfield code="z">ILL: no</subfield>
  </datafield>
  <datafield tag="856" ind1="4" ind2="1">
    <subfield code="u">http://archive.org/details/2006censusofagri2006jaip</subfield>
    <subfield code="z">Free eBook from the Internet Archive</subfield>
    <subfield code="3">Volume 2006</subfield>
  </datafield>
  <datafield tag="856" ind1="4" ind2="2">
    <subfield code="u">http://www.openlibrary.org/books/OL25926831M</subfield>
    <subfield code="z">Additional information and access via Open Library</subfield>
    <subfield code="3">Volume 2006</subfield>
  </datafield>
</record>
